<marc:collection xmlns:marc="http://www.loc.gov/MARC21/slim" xmlns:xsi="http://www.w3.org/2001/XMLSchema-instance" xsi:schemaLocation="http://www.loc.gov/MARC21/slim http://www.loc.gov/standards/marcxml/schema/MARC21slim.xsd">
    <marc:record type="Bibliographic">
        <marc:leader>01913cem a22003133a 4500</marc:leader>
        <marc:controlfield tag="001">6831120</marc:controlfield>
        <marc:controlfield tag="005">20141202103504.0</marc:controlfield>
        <marc:controlfield tag="008">110422s1941    xx z      a     0   ger d</marc:controlfield>
        <marc:datafield tag="034" ind1="1" ind2=" ">
            <marc:subfield code="a">a</marc:subfield>
            <marc:subfield code="b">10000</marc:subfield>
            <marc:subfield code="d">1.2833333333333332</marc:subfield>
            <marc:subfield code="e">1.3333333333333333</marc:subfield>
            <marc:subfield code="f">51.15</marc:subfield>
            <marc:subfield code="g">51.1</marc:subfield>
        </marc:datafield>
        <marc:datafield tag="035" ind1=" " ind2=" ">
            <marc:subfield code="a">(NjP Geomap) 66483</marc:subfield>
        </marc:datafield>
        <marc:datafield tag="040" ind1=" " ind2=" ">
            <marc:subfield code="c">NjP</marc:subfield>
        </marc:datafield>
        <marc:datafield tag="041" ind1="0" ind2=" ">
            <marc:subfield code="a">ger</marc:subfield>
        </marc:datafield>
        <marc:datafield tag="245" ind1="0" ind2="0">
            <marc:subfield code="a">England 1:10 000, Stadtplan von Dover, BB 40</marc:subfield>
            <marc:subfield code="h">[cartographic material].</marc:subfield>
        </marc:datafield>
        <marc:datafield tag="250" ind1=" " ind2=" ">
            <marc:subfield code="a">Sonderausgabe 8.1941</marc:subfield>
        </marc:datafield>
        <marc:datafield tag="255" ind1=" " ind2=" ">
            <marc:subfield code="a">Scale 1:10,000</marc:subfield>
            <marc:subfield code="c">(E 1°17ʹ--E 1°20ʹ/N 51°9ʹ--N 51°6ʹ)</marc:subfield>
        </marc:datafield>
        <marc:datafield tag="260" ind1=" " ind2=" ">
            <marc:subfield code="a">Berlin : </marc:subfield>
            <marc:subfield code="b">Generalstab des Heeres, Abt. für Kriegskarten und Vermessungswesen, IV. Mil. Geo., </marc:subfield>
            <marc:subfield code="c">1941.</marc:subfield>
        </marc:datafield>
        <marc:datafield tag="490" ind1="0" ind2=" ">
            <marc:subfield code="a">Germany. Generalstab des Heeres, Abteilung fuer Kriegskarten- und Vermessungswesen (IV. Mil.- Geo.). England 1:10 000 [Sonderausgabe] GB 12 BB ;</marc:subfield>
            <marc:subfield code="v">40</marc:subfield>
        </marc:datafield>
        <marc:datafield tag="500" ind1=" " ind2=" ">
            <marc:subfield code="a">Alternate title: Stadtplan von Dover mit militaergeographischen Eintragungen. Grossblatt 12, Blattbereich 40. Relief shown by 25 meter contour intervals and spot elevations. Gauss-Krueger grid. Legend is in English and German. With a list of abbreviations. Source: Ordnance Survey 1:10,560; 1932, 1934, 1936, 1937. Major city access roads are color coded. Accompanied by booklet: "Militargeographische Einzelangaben ueber England; Objektbilder zu den militargeographischen Objektkarten 1:250 000 und 1:10 000 der Mappe 12 Suedost-England und London"; of photographs and drawings of important military objectives, bridges, factories, etc. (sites are located on map). (Booklet 12 is missing.)</marc:subfield>
        </marc:datafield>
        <marc:datafield tag="546" ind1=" " ind2=" ">
            <marc:subfield code="a">In German.</marc:subfield>
        </marc:datafield>
        <marc:datafield tag="650" ind1=" " ind2="0">
            <marc:subfield code="a">Topographic maps.</marc:subfield>
        </marc:datafield>
        <marc:datafield tag="653" ind1=" " ind2="0">
            <marc:subfield code="a">City plan</marc:subfield>
        </marc:datafield>
        <marc:datafield tag="650" ind1=" " ind2="0">
            <marc:subfield code="a">World War, 1939-1945.</marc:subfield>
        </marc:datafield>
        <marc:datafield tag="651" ind1=" " ind2="0">
            <marc:subfield code="a">England</marc:subfield>
            <marc:subfield code="v">Maps.</marc:subfield>
        </marc:datafield>
        <marc:datafield tag="651" ind1=" " ind2="7">
            <marc:subfield code="a">England--Dover.</marc:subfield>
            <marc:subfield code="2">local</marc:subfield>
        </marc:datafield>
        <marc:datafield tag="651" ind1=" " ind2="7">
            <marc:subfield code="a">Dover.</marc:subfield>
            <marc:subfield code="2">local</marc:subfield>
        </marc:datafield>
        <marc:datafield tag="651" ind1=" " ind2="7">
            <marc:subfield code="a">England--Kent Co.</marc:subfield>
            <marc:subfield code="2">local</marc:subfield>
        </marc:datafield>
        <marc:datafield tag="651" ind1=" " ind2="7">
            <marc:subfield code="a">England--South East England.</marc:subfield>
            <marc:subfield code="2">local</marc:subfield>
        </marc:datafield>
        <marc:datafield tag="852" ind1="8" ind2=" ">
            <marc:subfield code="b">scimcm</marc:subfield>
            <marc:subfield code="h">G5754.C2.s10.G4H4 [S] GB 12 BB 40 (Dover)</marc:subfield>
        </marc:datafield>
        <marc:datafield tag="856" ind1="4" ind2=" ">
            <marc:subfield code="u">http://gisserver.princeton.edu/map/1793</marc:subfield>
        </marc:datafield>
    </marc:record>
    <marc:record type="Holdings">
        <marc:leader>00206nx  a22000851  4500</marc:leader>
        <marc:controlfield tag="001">6753428</marc:controlfield>
        <marc:controlfield tag="004">6831120</marc:controlfield>
        <marc:controlfield tag="005">20110927214219.0</marc:controlfield>
        <marc:controlfield tag="008">1109270u||||8|||4001uu|||0000000</marc:controlfield>
        <marc:datafield tag="852" ind1="8" ind2=" ">
            <marc:subfield code="b">scimcm</marc:subfield>
            <marc:subfield code="h">G5754.C2.s10.G4H4 [S] GB 12 BB 40 (Dover)</marc:subfield>
        </marc:datafield>
    </marc:record>
    <marc:record type="Holdings">
        <marc:leader>00182nx  a22000854  4500</marc:leader>
        <marc:controlfield tag="001">7316238</marc:controlfield>
        <marc:controlfield tag="004">6831120</marc:controlfield>
        <marc:controlfield tag="005">20130513150912.0</marc:controlfield>
        <marc:controlfield tag="008">1305134u    8   1001uu   0901128</marc:controlfield>
        <marc:datafield tag="852" ind1="8" ind2=" ">
            <marc:subfield code="b">elf1</marc:subfield>
            <marc:subfield code="h">Electronic Resource</marc:subfield>
        </marc:datafield>
    </marc:record>
</marc:collection>
